<record><leader>00000cas a22000007a 4500</leader><controlfield tag="001">20507983</controlfield><controlfield tag="008">891018d19031934mouwr ne      0    0eng d</controlfield><datafield ind1=" " ind2=" " tag="010"><subfield code="a">sn 89067124 </subfield></datafield><datafield ind1=" " ind2=" " tag="040"><subfield code="a">MQN</subfield><subfield code="b">eng</subfield><subfield code="c">MQN</subfield><subfield code="d">OCLCQ</subfield></datafield><datafield ind1=" " ind2=" " tag="042"><subfield code="a">msc</subfield></datafield><datafield ind1="0" ind2="0" tag="245"><subfield code="a">Schuyler County republican.</subfield></datafield><datafield ind1=" " ind2=" " tag="260"><subfield code="a">Lancaster, Mo. :</subfield><subfield code="b">Baker &amp; Hounsomn,</subfield><subfield code="c">1903-1934.</subfield></datafield><datafield ind1=" " ind2=" " tag="300"><subfield code="a">v.</subfield></datafield><datafield ind1=" " ind2=" " tag="310"><subfield code="a">Weekly</subfield></datafield><datafield ind1="0" ind2=" " tag="362"><subfield code="a">Vol. 4, no. 37 (July 3, 1903)-v. 35, no. 43 (Nov. 29, 1934).</subfield></datafield><datafield ind1=" " ind2=" " tag="752"><subfield code="a">United States</subfield><subfield code="b">Missouri</subfield><subfield code="c">Schuyler</subfield><subfield code="d">Lancaster.</subfield></datafield><datafield ind1="0" ind2="0" tag="780"><subfield code="t">Republican (Lancaster, Mo.)</subfield><subfield code="w">(DLC)sn 89067123</subfield></datafield><datafield ind1="0" ind2="7" tag="785"><subfield code="t">Lancaster excelsior (Lancaster, Mo. : 1866)</subfield><subfield code="w">(DLC)sn 85033976</subfield></datafield><datafield ind1="0" ind2="7" tag="785"><subfield code="t">Lancaster excelsior and Schuyler County republican</subfield><subfield code="w">(DLC)sn 89067125</subfield></datafield></record>